@misc{dummy,
  author = {Anonyme},
  title  = {Entrée factice pour éviter les erreurs BibTeX},
  year   = {2025}
}
